@inproceedings{carns:PVFS,
       address = {Berkeley, CA, USA},
       author = {Carns, Philip H. and Iii and Ross, Robert B. and Thakur, Rajeev},
       booktitle = {ALS'00: Proceedings of the 4th annual Linux Showcase \& Conference},
       citeulike-article-id = {3653512},
       citeulike-linkout-0 = {http://portal.acm.org/citation.cfm?id=1268407},
}

@article{ghemawat:gfs,
author = {Ghemawat, Sanjay and Gobioff, Howard and Leung, Shun-Tak},
title = {The Google file system},
journal = {SIGOPS Oper. Syst. Rev.},
volume = {37},
number = {5},
year = {2003},
issn = {0163-5980},
pages = {29--43},
doi = {http://doi.acm.org/10.1145/1165389.945450},
publisher = {ACM},
address = {New York, NY, USA},
}

@misc{hdfs,
       author = {Apache},
      title = {Welcome to Hadoop Distributed Filesystem!},
      howpublished = {http://hadoop.apache.org/hdfs/}
}


@misc{amazons3,
      author= {Amazon},
       title = {Amazon Simple Storage Service (Amazon S3)},
      howpublished = {http://aws.amazon.com/s3/}
}

@inproceedings{plfs,
author = {Bent, John and Gibson, Garth and Grider, Gary and McClelland, Ben and Nowoczynski, Paul and Nunez, James and Polte, Milo and Wingate, Meghan},
title = {PLFS: a checkpoint filesystem for parallel applications},
booktitle = {SC '09: Proceedings of the Conference on High Performance Computing Networking, Storage and Analysis},
year = {2009},
isbn = {978-1-60558-744-8},
pages = {1--12},
location = {Portland, Oregon},
doi = {http://doi.acm.org/10.1145/1654059.1654081},
publisher = {ACM},
address = {New York, NY, USA},
}

@inproceedings{nagle:sc04,
author = {Nagle, David and Serenyi, Denis and Matthews, Abbie},
title = {The Panasas ActiveScale Storage Cluster: Delivering Scalable High Bandwidth Storage},
booktitle = {SC '04: Proceedings of the 2004 ACM/IEEE conference on Supercomputing},
year = {2004},
isbn = {0-7695-2153-3},
pages = {53},
doi = {http://dx.doi.org/10.1109/SC.2004.57},
publisher = {IEEE Computer Society},
address = {Washington, DC, USA},
}



@inproceedings{schwan:linux03,
       Author = {Philip Schwan},
       Booktitle = {Proceedings of the 2003 Linux Symposium},
       Date-Added = {2008-11-08 21:19:35 -0800},
       Date-Modified = {2009-05-28 08:21:10 -0700},
       Keywords = {papers, parallel, filesystems, cluster, distributed, storage, systems},
       Month = {July},
       Title = {Lustre: Building a File System for 1,000-node Clusters},
       Year = {2003}
}